%YAML 1.1
%TAG !u! tag:unity3d.com,2011:
--- !u!29 &1
OcclusionCullingSettings:
  m_ObjectHideFlags: 0
  serializedVersion: 2
  m_OcclusionBakeSettings:
    smallestOccluder: 5
    smallestHole: 0.25
    backfaceThreshold: 100
  m_SceneGUID: 00000000000000000000000000000000
  m_OcclusionCullingData: {fileID: 0}
--- !u!104 &2
RenderSettings:
  m_ObjectHideFlags: 0
  serializedVersion: 9
  m_Fog: 0
  m_FogColor: {r: 0.5, g: 0.5, b: 0.5, a: 1}
  m_FogMode: 3
  m_FogDensity: 0.01
  m_LinearFogStart: 0
  m_LinearFogEnd: 300
  m_AmbientSkyColor: {r: 0.212, g: 0.227, b: 0.259, a: 1}
  m_AmbientEquatorColor: {r: 0.114, g: 0.125, b: 0.133, a: 1}
  m_AmbientGroundColor: {r: 0.047, g: 0.043, b: 0.035, a: 1}
  m_AmbientIntensity: 1
  m_AmbientMode: 3
  m_SubtractiveShadowColor: {r: 0.42, g: 0.478, b: 0.627, a: 1}
  m_SkyboxMaterial: {fileID: 0}
  m_HaloStrength: 0.5
  m_FlareStrength: 1
  m_FlareFadeSpeed: 3
  m_HaloTexture: {fileID: 0}
  m_SpotCookie: {fileID: 10001, guid: 0000000000000000e000000000000000, type: 0}
  m_DefaultReflectionMode: 0
  m_DefaultReflectionResolution: 128
  m_ReflectionBounces: 1
  m_ReflectionIntensity: 1
  m_CustomReflection: {fileID: 0}
  m_Sun: {fileID: 0}
  m_IndirectSpecularColor: {r: 0, g: 0, b: 0, a: 1}
  m_UseRadianceAmbientProbe: 0
--- !u!157 &3
LightmapSettings:
  m_ObjectHideFlags: 0
  serializedVersion: 11
  m_GIWorkflowMode: 1
  m_GISettings:
    serializedVersion: 2
    m_BounceScale: 1
    m_IndirectOutputScale: 1
    m_AlbedoBoost: 1
    m_EnvironmentLightingMode: 0
    m_EnableBakedLightmaps: 0
    m_EnableRealtimeLightmaps: 0
  m_LightmapEditorSettings:
    serializedVersion: 12
    m_Resolution: 2
    m_BakeResolution: 40
    m_AtlasSize: 1024
    m_AO: 0
    m_AOMaxDistance: 1
    m_CompAOExponent: 1
    m_CompAOExponentDirect: 0
    m_ExtractAmbientOcclusion: 0
    m_Padding: 2
    m_LightmapParameters: {fileID: 0}
    m_LightmapsBakeMode: 1
    m_TextureCompression: 1
    m_FinalGather: 0
    m_FinalGatherFiltering: 1
    m_FinalGatherRayCount: 256
    m_ReflectionCompression: 2
    m_MixedBakeMode: 2
    m_BakeBackend: 1
    m_PVRSampling: 1
    m_PVRDirectSampleCount: 32
    m_PVRSampleCount: 512
    m_PVRBounces: 2
    m_PVREnvironmentSampleCount: 256
    m_PVREnvironmentReferencePointCount: 2048
    m_PVRFilteringMode: 1
    m_PVRDenoiserTypeDirect: 1
    m_PVRDenoiserTypeIndirect: 1
    m_PVRDenoiserTypeAO: 1
    m_PVRFilterTypeDirect: 0
    m_PVRFilterTypeIndirect: 0
    m_PVRFilterTypeAO: 0
    m_PVREnvironmentMIS: 1
    m_PVRCulling: 1
    m_PVRFilteringGaussRadiusDirect: 1
    m_PVRFilteringGaussRadiusIndirect: 5
    m_PVRFilteringGaussRadiusAO: 2
    m_PVRFilteringAtrousPositionSigmaDirect: 0.5
    m_PVRFilteringAtrousPositionSigmaIndirect: 2
    m_PVRFilteringAtrousPositionSigmaAO: 1
    m_ExportTrainingData: 0
    m_TrainingDataDestination: TrainingData
  m_LightingDataAsset: {fileID: 0}
  m_UseShadowmask: 1
--- !u!196 &4
NavMeshSettings:
  serializedVersion: 2
  m_ObjectHideFlags: 0
  m_BuildSettings:
    serializedVersion: 2
    agentTypeID: 0
    agentRadius: 0.5
    agentHeight: 2
    agentSlope: 45
    agentClimb: 0.4
    ledgeDropHeight: 0
    maxJumpAcrossDistance: 0
    minRegionArea: 2
    manualCellSize: 0
    cellSize: 0.16666667
    manualTileSize: 0
    tileSize: 256
    accuratePlacement: 0
    debug:
      m_Flags: 0
  m_NavMeshData: {fileID: 0}
--- !u!1 &63015347
GameObject:
  m_ObjectHideFlags: 0
  m_CorrespondingSourceObject: {fileID: 0}
  m_PrefabInstance: {fileID: 0}
  m_PrefabAsset: {fileID: 0}
  serializedVersion: 6
  m_Component:
  - component: {fileID: 63015348}
  - component: {fileID: 63015350}
  - component: {fileID: 63015349}
  m_Layer: 5
  m_Name: Text
  m_TagString: Untagged
  m_Icon: {fileID: 0}
  m_NavMeshLayer: 0
  m_StaticEditorFlags: 0
  m_IsActive: 0
--- !u!224 &63015348
RectTransform:
  m_ObjectHideFlags: 0
  m_CorrespondingSourceObject: {fileID: 0}
  m_PrefabInstance: {fileID: 0}
  m_PrefabAsset: {fileID: 0}
  m_GameObject: {fileID: 63015347}
  m_LocalRotation: {x: 0, y: 0, z: 0, w: 1}
  m_LocalPosition: {x: 0, y: 0, z: 0}
  m_LocalScale: {x: 1, y: 1, z: 1}
  m_Children: []
  m_Father: {fileID: 953317646}
  m_RootOrder: 2
  m_LocalEulerAnglesHint: {x: 0, y: 0, z: 0}
  m_AnchorMin: {x: 1, y: 1}
  m_AnchorMax: {x: 1, y: 1}
  m_AnchoredPosition: {x: 0, y: 0}
  m_SizeDelta: {x: 160, y: 30}
  m_Pivot: {x: 1, y: 1}
--- !u!114 &63015349
MonoBehaviour:
  m_ObjectHideFlags: 0
  m_CorrespondingSourceObject: {fileID: 0}
  m_PrefabInstance: {fileID: 0}
  m_PrefabAsset: {fileID: 0}
  m_GameObject: {fileID: 63015347}
  m_Enabled: 1
  m_EditorHideFlags: 0
  m_Script: {fileID: 11500000, guid: 5f7201a12d95ffc409449d95f23cf332, type: 3}
  m_Name: 
  m_EditorClassIdentifier: 
  m_Material: {fileID: 0}
  m_Color: {r: 1, g: 1, b: 1, a: 1}
  m_RaycastTarget: 1
  m_OnCullStateChanged:
    m_PersistentCalls:
      m_Calls: []
  m_FontData:
    m_Font: {fileID: 10102, guid: 0000000000000000e000000000000000, type: 0}
    m_FontSize: 20
    m_FontStyle: 0
    m_BestFit: 0
    m_MinSize: 0
    m_MaxSize: 40
    m_Alignment: 0
    m_AlignByGeometry: 0
    m_RichText: 1
    m_HorizontalOverflow: 0
    m_VerticalOverflow: 0
    m_LineSpacing: 1
  m_Text: New Text
--- !u!222 &63015350
CanvasRenderer:
  m_ObjectHideFlags: 0
  m_CorrespondingSourceObject: {fileID: 0}
  m_PrefabInstance: {fileID: 0}
  m_PrefabAsset: {fileID: 0}
  m_GameObject: {fileID: 63015347}
  m_CullTransparentMesh: 0
--- !u!4 &660813166 stripped
Transform:
  m_CorrespondingSourceObject: {fileID: 7192285035373815628, guid: a182ecd81b1945c4c9b2e86b177f4469,
    type: 3}
  m_PrefabInstance: {fileID: 1176540655}
  m_PrefabAsset: {fileID: 0}
--- !u!1001 &763956758
PrefabInstance:
  m_ObjectHideFlags: 0
  serializedVersion: 2
  m_Modification:
    m_TransformParent: {fileID: 953317646}
    m_Modifications:
    - target: {fileID: 6751765241841621196, guid: 3159d1ebec9bf9a40aea40f9fd72b837,
        type: 3}
      propertyPath: m_Name
      value: Gage
      objectReference: {fileID: 0}
    - target: {fileID: 6751765241841621195, guid: 3159d1ebec9bf9a40aea40f9fd72b837,
        type: 3}
      propertyPath: m_LocalPosition.x
      value: 0
      objectReference: {fileID: 0}
    - target: {fileID: 6751765241841621195, guid: 3159d1ebec9bf9a40aea40f9fd72b837,
        type: 3}
      propertyPath: m_LocalPosition.y
      value: 0
      objectReference: {fileID: 0}
    - target: {fileID: 6751765241841621195, guid: 3159d1ebec9bf9a40aea40f9fd72b837,
        type: 3}
      propertyPath: m_LocalPosition.z
      value: 0
      objectReference: {fileID: 0}
    - target: {fileID: 6751765241841621195, guid: 3159d1ebec9bf9a40aea40f9fd72b837,
        type: 3}
      propertyPath: m_LocalRotation.x
      value: -0
      objectReference: {fileID: 0}
    - target: {fileID: 6751765241841621195, guid: 3159d1ebec9bf9a40aea40f9fd72b837,
        type: 3}
      propertyPath: m_LocalRotation.y
      value: -0
      objectReference: {fileID: 0}
    - target: {fileID: 6751765241841621195, guid: 3159d1ebec9bf9a40aea40f9fd72b837,
        type: 3}
      propertyPath: m_LocalRotation.z
      value: -0
      objectReference: {fileID: 0}
    - target: {fileID: 6751765241841621195, guid: 3159d1ebec9bf9a40aea40f9fd72b837,
        type: 3}
      propertyPath: m_LocalRotation.w
      value: 1
      objectReference: {fileID: 0}
    - target: {fileID: 6751765241841621195, guid: 3159d1ebec9bf9a40aea40f9fd72b837,
        type: 3}
      propertyPath: m_RootOrder
      value: 0
      objectReference: {fileID: 0}
    - target: {fileID: 6751765241841621195, guid: 3159d1ebec9bf9a40aea40f9fd72b837,
        type: 3}
      propertyPath: m_LocalEulerAnglesHint.x
      value: 0
      objectReference: {fileID: 0}
    - target: {fileID: 6751765241841621195, guid: 3159d1ebec9bf9a40aea40f9fd72b837,
        type: 3}
      propertyPath: m_LocalEulerAnglesHint.y
      value: 0
      objectReference: {fileID: 0}
    - target: {fileID: 6751765241841621195, guid: 3159d1ebec9bf9a40aea40f9fd72b837,
        type: 3}
      propertyPath: m_LocalEulerAnglesHint.z
      value: 0
      objectReference: {fileID: 0}
    - target: {fileID: 6751765241841621195, guid: 3159d1ebec9bf9a40aea40f9fd72b837,
        type: 3}
      propertyPath: m_AnchoredPosition.x
      value: 10
      objectReference: {fileID: 0}
    - target: {fileID: 6751765241841621195, guid: 3159d1ebec9bf9a40aea40f9fd72b837,
        type: 3}
      propertyPath: m_AnchoredPosition.y
      value: 0
      objectReference: {fileID: 0}
    - target: {fileID: 6751765241841621195, guid: 3159d1ebec9bf9a40aea40f9fd72b837,
        type: 3}
      propertyPath: m_SizeDelta.x
      value: 200
      objectReference: {fileID: 0}
    - target: {fileID: 6751765241841621195, guid: 3159d1ebec9bf9a40aea40f9fd72b837,
        type: 3}
      propertyPath: m_SizeDelta.y
      value: 50
      objectReference: {fileID: 0}
    - target: {fileID: 6751765241841621195, guid: 3159d1ebec9bf9a40aea40f9fd72b837,
        type: 3}
      propertyPath: m_AnchorMin.x
      value: 0
      objectReference: {fileID: 0}
    - target: {fileID: 6751765241841621195, guid: 3159d1ebec9bf9a40aea40f9fd72b837,
        type: 3}
      propertyPath: m_AnchorMin.y
      value: 1
      objectReference: {fileID: 0}
    - target: {fileID: 6751765241841621195, guid: 3159d1ebec9bf9a40aea40f9fd72b837,
        type: 3}
      propertyPath: m_AnchorMax.x
      value: 0
      objectReference: {fileID: 0}
    - target: {fileID: 6751765241841621195, guid: 3159d1ebec9bf9a40aea40f9fd72b837,
        type: 3}
      propertyPath: m_AnchorMax.y
      value: 1
      objectReference: {fileID: 0}
    - target: {fileID: 6751765241841621195, guid: 3159d1ebec9bf9a40aea40f9fd72b837,
        type: 3}
      propertyPath: m_Pivot.x
      value: 0
      objectReference: {fileID: 0}
    - target: {fileID: 6751765241841621195, guid: 3159d1ebec9bf9a40aea40f9fd72b837,
        type: 3}
      propertyPath: m_Pivot.y
      value: 1
      objectReference: {fileID: 0}
    m_RemovedComponents: []
  m_SourcePrefab: {fileID: 100100000, guid: 3159d1ebec9bf9a40aea40f9fd72b837, type: 3}
--- !u!1001 &877536530
PrefabInstance:
  m_ObjectHideFlags: 0
  serializedVersion: 2
  m_Modification:
    m_TransformParent: {fileID: 0}
    m_Modifications:
    - target: {fileID: 6143197407898833049, guid: 1f7f18904294176438b5794a24da7282,
        type: 3}
      propertyPath: m_Name
      value: Goal
      objectReference: {fileID: 0}
    - target: {fileID: 6143197407898833030, guid: 1f7f18904294176438b5794a24da7282,
        type: 3}
      propertyPath: m_LocalPosition.x
      value: 150
      objectReference: {fileID: 0}
    - target: {fileID: 6143197407898833030, guid: 1f7f18904294176438b5794a24da7282,
        type: 3}
      propertyPath: m_LocalPosition.y
      value: -0.53
      objectReference: {fileID: 0}
    - target: {fileID: 6143197407898833030, guid: 1f7f18904294176438b5794a24da7282,
        type: 3}
      propertyPath: m_LocalPosition.z
      value: 0.2
      objectReference: {fileID: 0}
    - target: {fileID: 6143197407898833030, guid: 1f7f18904294176438b5794a24da7282,
        type: 3}
      propertyPath: m_LocalRotation.x
      value: 0
      objectReference: {fileID: 0}
    - target: {fileID: 6143197407898833030, guid: 1f7f18904294176438b5794a24da7282,
        type: 3}
      propertyPath: m_LocalRotation.y
      value: 0
      objectReference: {fileID: 0}
    - target: {fileID: 6143197407898833030, guid: 1f7f18904294176438b5794a24da7282,
        type: 3}
      propertyPath: m_LocalRotation.z
      value: 0
      objectReference: {fileID: 0}
    - target: {fileID: 6143197407898833030, guid: 1f7f18904294176438b5794a24da7282,
        type: 3}
      propertyPath: m_LocalRotation.w
      value: 1
      objectReference: {fileID: 0}
    - target: {fileID: 6143197407898833030, guid: 1f7f18904294176438b5794a24da7282,
        type: 3}
      propertyPath: m_RootOrder
      value: 7
      objectReference: {fileID: 0}
    - target: {fileID: 6143197407898833030, guid: 1f7f18904294176438b5794a24da7282,
        type: 3}
      propertyPath: m_LocalEulerAnglesHint.x
      value: 0
      objectReference: {fileID: 0}
    - target: {fileID: 6143197407898833030, guid: 1f7f18904294176438b5794a24da7282,
        type: 3}
      propertyPath: m_LocalEulerAnglesHint.y
      value: 0
      objectReference: {fileID: 0}
    - target: {fileID: 6143197407898833030, guid: 1f7f18904294176438b5794a24da7282,
        type: 3}
      propertyPath: m_LocalEulerAnglesHint.z
      value: 0
      objectReference: {fileID: 0}
    m_RemovedComponents: []
  m_SourcePrefab: {fileID: 100100000, guid: 1f7f18904294176438b5794a24da7282, type: 3}
--- !u!224 &942850708 stripped
RectTransform:
  m_CorrespondingSourceObject: {fileID: 6751765241841621195, guid: 3159d1ebec9bf9a40aea40f9fd72b837,
    type: 3}
  m_PrefabInstance: {fileID: 763956758}
  m_PrefabAsset: {fileID: 0}
--- !u!1 &953317642
GameObject:
  m_ObjectHideFlags: 0
  m_CorrespondingSourceObject: {fileID: 0}
  m_PrefabInstance: {fileID: 0}
  m_PrefabAsset: {fileID: 0}
  serializedVersion: 6
  m_Component:
  - component: {fileID: 953317646}
  - component: {fileID: 953317645}
  - component: {fileID: 953317644}
  - component: {fileID: 953317643}
  m_Layer: 5
  m_Name: Canvas
  m_TagString: Untagged
  m_Icon: {fileID: 0}
  m_NavMeshLayer: 0
  m_StaticEditorFlags: 0
  m_IsActive: 1
--- !u!114 &953317643
MonoBehaviour:
  m_ObjectHideFlags: 0
  m_CorrespondingSourceObject: {fileID: 0}
  m_PrefabInstance: {fileID: 0}
  m_PrefabAsset: {fileID: 0}
  m_GameObject: {fileID: 953317642}
  m_Enabled: 1
  m_EditorHideFlags: 0
  m_Script: {fileID: 11500000, guid: dc42784cf147c0c48a680349fa168899, type: 3}
  m_Name: 
  m_EditorClassIdentifier: 
  m_IgnoreReversedGraphics: 1
  m_BlockingObjects: 0
  m_BlockingMask:
    serializedVersion: 2
    m_Bits: 4294967295
--- !u!114 &953317644
MonoBehaviour:
  m_ObjectHideFlags: 0
  m_CorrespondingSourceObject: {fileID: 0}
  m_PrefabInstance: {fileID: 0}
  m_PrefabAsset: {fileID: 0}
  m_GameObject: {fileID: 953317642}
  m_Enabled: 1
  m_EditorHideFlags: 0
  m_Script: {fileID: 11500000, guid: 0cd44c1031e13a943bb63640046fad76, type: 3}
  m_Name: 
  m_EditorClassIdentifier: 
  m_UiScaleMode: 0
  m_ReferencePixelsPerUnit: 100
  m_ScaleFactor: 1
  m_ReferenceResolution: {x: 800, y: 600}
  m_ScreenMatchMode: 0
  m_MatchWidthOrHeight: 0
  m_PhysicalUnit: 3
  m_FallbackScreenDPI: 96
  m_DefaultSpriteDPI: 96
  m_DynamicPixelsPerUnit: 1
--- !u!223 &953317645
Canvas:
  m_ObjectHideFlags: 0
  m_CorrespondingSourceObject: {fileID: 0}
  m_PrefabInstance: {fileID: 0}
  m_PrefabAsset: {fileID: 0}
  m_GameObject: {fileID: 953317642}
  m_Enabled: 1
  serializedVersion: 3
  m_RenderMode: 0
  m_Camera: {fileID: 0}
  m_PlaneDistance: 100
  m_PixelPerfect: 0
  m_ReceivesEvents: 1
  m_OverrideSorting: 0
  m_OverridePixelPerfect: 0
  m_SortingBucketNormalizedSize: 0
  m_AdditionalShaderChannelsFlag: 0
  m_SortingLayerID: 0
  m_SortingOrder: 0
  m_TargetDisplay: 0
--- !u!224 &953317646
RectTransform:
  m_ObjectHideFlags: 0
  m_CorrespondingSourceObject: {fileID: 0}
  m_PrefabInstance: {fileID: 0}
  m_PrefabAsset: {fileID: 0}
  m_GameObject: {fileID: 953317642}
  m_LocalRotation: {x: 0, y: 0, z: 0, w: 1}
  m_LocalPosition: {x: 0, y: 0, z: 0}
  m_LocalScale: {x: 0, y: 0, z: 0}
  m_Children:
  - {fileID: 942850708}
  - {fileID: 1343223217}
  - {fileID: 63015348}
  m_Father: {fileID: 0}
  m_RootOrder: 5
  m_LocalEulerAnglesHint: {x: 0, y: 0, z: 0}
  m_AnchorMin: {x: 0, y: 0}
  m_AnchorMax: {x: 0, y: 0}
  m_AnchoredPosition: {x: 0, y: 0}
  m_SizeDelta: {x: 0, y: 0}
  m_Pivot: {x: 0, y: 0}
--- !u!1001 &1176540655
PrefabInstance:
  m_ObjectHideFlags: 0
  serializedVersion: 2
  m_Modification:
    m_TransformParent: {fileID: 0}
    m_Modifications:
    - target: {fileID: 7192285035373815625, guid: a182ecd81b1945c4c9b2e86b177f4469,
        type: 3}
      propertyPath: m_Name
      value: MainCharacter
      objectReference: {fileID: 0}
    - target: {fileID: 7192285035373815628, guid: a182ecd81b1945c4c9b2e86b177f4469,
        type: 3}
      propertyPath: m_LocalPosition.x
      value: -3
      objectReference: {fileID: 0}
    - target: {fileID: 7192285035373815628, guid: a182ecd81b1945c4c9b2e86b177f4469,
        type: 3}
      propertyPath: m_LocalPosition.y
      value: 0
      objectReference: {fileID: 0}
    - target: {fileID: 7192285035373815628, guid: a182ecd81b1945c4c9b2e86b177f4469,
        type: 3}
      propertyPath: m_LocalPosition.z
      value: 0
      objectReference: {fileID: 0}
    - target: {fileID: 7192285035373815628, guid: a182ecd81b1945c4c9b2e86b177f4469,
        type: 3}
      propertyPath: m_LocalRotation.x
      value: 0
      objectReference: {fileID: 0}
    - target: {fileID: 7192285035373815628, guid: a182ecd81b1945c4c9b2e86b177f4469,
        type: 3}
      propertyPath: m_LocalRotation.y
      value: 0
      objectReference: {fileID: 0}
    - target: {fileID: 7192285035373815628, guid: a182ecd81b1945c4c9b2e86b177f4469,
        type: 3}
      propertyPath: m_LocalRotation.z
      value: 0
      objectReference: {fileID: 0}
    - target: {fileID: 7192285035373815628, guid: a182ecd81b1945c4c9b2e86b177f4469,
        type: 3}
      propertyPath: m_LocalRotation.w
      value: 1
      objectReference: {fileID: 0}
    - target: {fileID: 7192285035373815628, guid: a182ecd81b1945c4c9b2e86b177f4469,
        type: 3}
      propertyPath: m_RootOrder
      value: 0
      objectReference: {fileID: 0}
    - target: {fileID: 7192285035373815628, guid: a182ecd81b1945c4c9b2e86b177f4469,
        type: 3}
      propertyPath: m_LocalEulerAnglesHint.x
      value: 0
      objectReference: {fileID: 0}
    - target: {fileID: 7192285035373815628, guid: a182ecd81b1945c4c9b2e86b177f4469,
        type: 3}
      propertyPath: m_LocalEulerAnglesHint.y
      value: 0
      objectReference: {fileID: 0}
    - target: {fileID: 7192285035373815628, guid: a182ecd81b1945c4c9b2e86b177f4469,
        type: 3}
      propertyPath: m_LocalEulerAnglesHint.z
      value: 0
      objectReference: {fileID: 0}
    m_RemovedComponents: []
  m_SourcePrefab: {fileID: 100100000, guid: a182ecd81b1945c4c9b2e86b177f4469, type: 3}
--- !u!1001 &1343223216
PrefabInstance:
  m_ObjectHideFlags: 0
  serializedVersion: 2
  m_Modification:
    m_TransformParent: {fileID: 953317646}
    m_Modifications:
    - target: {fileID: 1403521654741936094, guid: 3fdea9191140e1f479c8e3e83872ce44,
        type: 3}
      propertyPath: m_Name
      value: GimicText
      objectReference: {fileID: 0}
    - target: {fileID: 8014004706650271077, guid: 3fdea9191140e1f479c8e3e83872ce44,
        type: 3}
      propertyPath: m_LocalPosition.x
      value: 0
      objectReference: {fileID: 0}
    - target: {fileID: 8014004706650271077, guid: 3fdea9191140e1f479c8e3e83872ce44,
        type: 3}
      propertyPath: m_LocalPosition.y
      value: 0
      objectReference: {fileID: 0}
    - target: {fileID: 8014004706650271077, guid: 3fdea9191140e1f479c8e3e83872ce44,
        type: 3}
      propertyPath: m_LocalPosition.z
      value: 0
      objectReference: {fileID: 0}
    - target: {fileID: 8014004706650271077, guid: 3fdea9191140e1f479c8e3e83872ce44,
        type: 3}
      propertyPath: m_LocalRotation.x
      value: 0
      objectReference: {fileID: 0}
    - target: {fileID: 8014004706650271077, guid: 3fdea9191140e1f479c8e3e83872ce44,
        type: 3}
      propertyPath: m_LocalRotation.y
      value: 0
      objectReference: {fileID: 0}
    - target: {fileID: 8014004706650271077, guid: 3fdea9191140e1f479c8e3e83872ce44,
        type: 3}
      propertyPath: m_LocalRotation.z
      value: 0
      objectReference: {fileID: 0}
    - target: {fileID: 8014004706650271077, guid: 3fdea9191140e1f479c8e3e83872ce44,
        type: 3}
      propertyPath: m_LocalRotation.w
      value: 1
      objectReference: {fileID: 0}
    - target: {fileID: 8014004706650271077, guid: 3fdea9191140e1f479c8e3e83872ce44,
        type: 3}
      propertyPath: m_RootOrder
      value: 1
      objectReference: {fileID: 0}
    - target: {fileID: 8014004706650271077, guid: 3fdea9191140e1f479c8e3e83872ce44,
        type: 3}
      propertyPath: m_LocalEulerAnglesHint.x
      value: 0
      objectReference: {fileID: 0}
    - target: {fileID: 8014004706650271077, guid: 3fdea9191140e1f479c8e3e83872ce44,
        type: 3}
      propertyPath: m_LocalEulerAnglesHint.y
      value: 0
      objectReference: {fileID: 0}
    - target: {fileID: 8014004706650271077, guid: 3fdea9191140e1f479c8e3e83872ce44,
        type: 3}
      propertyPath: m_LocalEulerAnglesHint.z
      value: 0
      objectReference: {fileID: 0}
    - target: {fileID: 8014004706650271077, guid: 3fdea9191140e1f479c8e3e83872ce44,
        type: 3}
      propertyPath: m_AnchoredPosition.x
      value: -30
      objectReference: {fileID: 0}
    - target: {fileID: 8014004706650271077, guid: 3fdea9191140e1f479c8e3e83872ce44,
        type: 3}
      propertyPath: m_AnchoredPosition.y
      value: 0
      objectReference: {fileID: 0}
    - target: {fileID: 8014004706650271077, guid: 3fdea9191140e1f479c8e3e83872ce44,
        type: 3}
      propertyPath: m_SizeDelta.x
      value: 300
      objectReference: {fileID: 0}
    - target: {fileID: 8014004706650271077, guid: 3fdea9191140e1f479c8e3e83872ce44,
        type: 3}
      propertyPath: m_SizeDelta.y
      value: 50
      objectReference: {fileID: 0}
    - target: {fileID: 8014004706650271077, guid: 3fdea9191140e1f479c8e3e83872ce44,
        type: 3}
      propertyPath: m_AnchorMin.x
      value: 1
      objectReference: {fileID: 0}
    - target: {fileID: 8014004706650271077, guid: 3fdea9191140e1f479c8e3e83872ce44,
        type: 3}
      propertyPath: m_AnchorMin.y
      value: 0
      objectReference: {fileID: 0}
    - target: {fileID: 8014004706650271077, guid: 3fdea9191140e1f479c8e3e83872ce44,
        type: 3}
      propertyPath: m_AnchorMax.x
      value: 1
      objectReference: {fileID: 0}
    - target: {fileID: 8014004706650271077, guid: 3fdea9191140e1f479c8e3e83872ce44,
        type: 3}
      propertyPath: m_AnchorMax.y
      value: 0
      objectReference: {fileID: 0}
    - target: {fileID: 8014004706650271077, guid: 3fdea9191140e1f479c8e3e83872ce44,
        type: 3}
      propertyPath: m_Pivot.x
      value: 1
      objectReference: {fileID: 0}
    - target: {fileID: 8014004706650271077, guid: 3fdea9191140e1f479c8e3e83872ce44,
        type: 3}
      propertyPath: m_Pivot.y
      value: 0
      objectReference: {fileID: 0}
    m_RemovedComponents: []
  m_SourcePrefab: {fileID: 100100000, guid: 3fdea9191140e1f479c8e3e83872ce44, type: 3}
--- !u!224 &1343223217 stripped
RectTransform:
  m_CorrespondingSourceObject: {fileID: 8014004706650271077, guid: 3fdea9191140e1f479c8e3e83872ce44,
    type: 3}
  m_PrefabInstance: {fileID: 1343223216}
  m_PrefabAsset: {fileID: 0}
--- !u!1001 &1443140555
PrefabInstance:
  m_ObjectHideFlags: 0
  serializedVersion: 2
  m_Modification:
    m_TransformParent: {fileID: 0}
    m_Modifications:
    - target: {fileID: 4502417776861337526, guid: 38015bbd729f7b84ba80318144757779,
        type: 3}
      propertyPath: m_Name
      value: TileManager
      objectReference: {fileID: 0}
    - target: {fileID: 4502417776861337525, guid: 38015bbd729f7b84ba80318144757779,
        type: 3}
      propertyPath: m_LocalPosition.x
      value: 0
      objectReference: {fileID: 0}
    - target: {fileID: 4502417776861337525, guid: 38015bbd729f7b84ba80318144757779,
        type: 3}
      propertyPath: m_LocalPosition.y
      value: 0
      objectReference: {fileID: 0}
    - target: {fileID: 4502417776861337525, guid: 38015bbd729f7b84ba80318144757779,
        type: 3}
      propertyPath: m_LocalPosition.z
      value: 0.8
      objectReference: {fileID: 0}
    - target: {fileID: 4502417776861337525, guid: 38015bbd729f7b84ba80318144757779,
        type: 3}
      propertyPath: m_LocalRotation.x
      value: 0
      objectReference: {fileID: 0}
    - target: {fileID: 4502417776861337525, guid: 38015bbd729f7b84ba80318144757779,
        type: 3}
      propertyPath: m_LocalRotation.y
      value: 0
      objectReference: {fileID: 0}
    - target: {fileID: 4502417776861337525, guid: 38015bbd729f7b84ba80318144757779,
        type: 3}
      propertyPath: m_LocalRotation.z
      value: 0
      objectReference: {fileID: 0}
    - target: {fileID: 4502417776861337525, guid: 38015bbd729f7b84ba80318144757779,
        type: 3}
      propertyPath: m_LocalRotation.w
      value: 1
      objectReference: {fileID: 0}
    - target: {fileID: 4502417776861337525, guid: 38015bbd729f7b84ba80318144757779,
        type: 3}
      propertyPath: m_RootOrder
      value: 4
      objectReference: {fileID: 0}
    - target: {fileID: 4502417776861337525, guid: 38015bbd729f7b84ba80318144757779,
        type: 3}
      propertyPath: m_LocalEulerAnglesHint.x
      value: 0
      objectReference: {fileID: 0}
    - target: {fileID: 4502417776861337525, guid: 38015bbd729f7b84ba80318144757779,
        type: 3}
      propertyPath: m_LocalEulerAnglesHint.y
      value: 0
      objectReference: {fileID: 0}
    - target: {fileID: 4502417776861337525, guid: 38015bbd729f7b84ba80318144757779,
        type: 3}
      propertyPath: m_LocalEulerAnglesHint.z
      value: 0
      objectReference: {fileID: 0}
    - target: {fileID: 4502417776861337524, guid: 38015bbd729f7b84ba80318144757779,
        type: 3}
      propertyPath: charaTrans
      value: 
      objectReference: {fileID: 660813166}
    m_RemovedComponents: []
  m_SourcePrefab: {fileID: 100100000, guid: 38015bbd729f7b84ba80318144757779, type: 3}
--- !u!1001 &1445091727
PrefabInstance:
  m_ObjectHideFlags: 0
  serializedVersion: 2
  m_Modification:
    m_TransformParent: {fileID: 0}
    m_Modifications:
    - target: {fileID: 1346173230975291704, guid: 3b89e54e013014ddaa1d33580456a36c,
        type: 3}
      propertyPath: m_Name
      value: Absorption
      objectReference: {fileID: 0}
    - target: {fileID: 1346173230975291704, guid: 3b89e54e013014ddaa1d33580456a36c,
        type: 3}
      propertyPath: m_IsActive
      value: 0
      objectReference: {fileID: 0}
    - target: {fileID: 1346173230975291700, guid: 3b89e54e013014ddaa1d33580456a36c,
        type: 3}
      propertyPath: m_LocalPosition.x
      value: 1.559612
      objectReference: {fileID: 0}
    - target: {fileID: 1346173230975291700, guid: 3b89e54e013014ddaa1d33580456a36c,
        type: 3}
      propertyPath: m_LocalPosition.y
      value: 0.53843653
      objectReference: {fileID: 0}
    - target: {fileID: 1346173230975291700, guid: 3b89e54e013014ddaa1d33580456a36c,
        type: 3}
      propertyPath: m_LocalPosition.z
      value: 0.53861856
      objectReference: {fileID: 0}
    - target: {fileID: 1346173230975291700, guid: 3b89e54e013014ddaa1d33580456a36c,
        type: 3}
      propertyPath: m_LocalRotation.x
      value: 0
      objectReference: {fileID: 0}
    - target: {fileID: 1346173230975291700, guid: 3b89e54e013014ddaa1d33580456a36c,
        type: 3}
      propertyPath: m_LocalRotation.y
      value: 0
      objectReference: {fileID: 0}
    - target: {fileID: 1346173230975291700, guid: 3b89e54e013014ddaa1d33580456a36c,
        type: 3}
      propertyPath: m_LocalRotation.z
      value: 0
      objectReference: {fileID: 0}
    - target: {fileID: 1346173230975291700, guid: 3b89e54e013014ddaa1d33580456a36c,
        type: 3}
      propertyPath: m_LocalRotation.w
      value: 1
      objectReference: {fileID: 0}
    - target: {fileID: 1346173230975291700, guid: 3b89e54e013014ddaa1d33580456a36c,
        type: 3}
      propertyPath: m_RootOrder
      value: 2
      objectReference: {fileID: 0}
    - target: {fileID: 1346173230975291700, guid: 3b89e54e013014ddaa1d33580456a36c,
        type: 3}
      propertyPath: m_LocalEulerAnglesHint.x
      value: 0
      objectReference: {fileID: 0}
    - target: {fileID: 1346173230975291700, guid: 3b89e54e013014ddaa1d33580456a36c,
        type: 3}
      propertyPath: m_LocalEulerAnglesHint.y
      value: 0
      objectReference: {fileID: 0}
    - target: {fileID: 1346173230975291700, guid: 3b89e54e013014ddaa1d33580456a36c,
        type: 3}
      propertyPath: m_LocalEulerAnglesHint.z
      value: 0
      objectReference: {fileID: 0}
    m_RemovedComponents: []
  m_SourcePrefab: {fileID: 100100000, guid: 3b89e54e013014ddaa1d33580456a36c, type: 3}
--- !u!1001 &1507646876
PrefabInstance:
  m_ObjectHideFlags: 0
  serializedVersion: 2
  m_Modification:
    m_TransformParent: {fileID: 0}
    m_Modifications:
    - target: {fileID: 61514178631683893, guid: 17ce8caae7bd0a64081f47e512f10e06,
        type: 3}
      propertyPath: m_Name
      value: ObstacleGenerator
      objectReference: {fileID: 0}
    - target: {fileID: 61514178631683894, guid: 17ce8caae7bd0a64081f47e512f10e06,
        type: 3}
      propertyPath: m_LocalPosition.x
      value: 10.718603
      objectReference: {fileID: 0}
    - target: {fileID: 61514178631683894, guid: 17ce8caae7bd0a64081f47e512f10e06,
        type: 3}
      propertyPath: m_LocalPosition.y
      value: 0.49278307
      objectReference: {fileID: 0}
    - target: {fileID: 61514178631683894, guid: 17ce8caae7bd0a64081f47e512f10e06,
        type: 3}
      propertyPath: m_LocalPosition.z
      value: -2.5603447
      objectReference: {fileID: 0}
    - target: {fileID: 61514178631683894, guid: 17ce8caae7bd0a64081f47e512f10e06,
        type: 3}
      propertyPath: m_LocalRotation.x
      value: 0
      objectReference: {fileID: 0}
    - target: {fileID: 61514178631683894, guid: 17ce8caae7bd0a64081f47e512f10e06,
        type: 3}
      propertyPath: m_LocalRotation.y
      value: 0
      objectReference: {fileID: 0}
    - target: {fileID: 61514178631683894, guid: 17ce8caae7bd0a64081f47e512f10e06,
        type: 3}
      propertyPath: m_LocalRotation.z
      value: 0
      objectReference: {fileID: 0}
    - target: {fileID: 61514178631683894, guid: 17ce8caae7bd0a64081f47e512f10e06,
        type: 3}
      propertyPath: m_LocalRotation.w
      value: 1
      objectReference: {fileID: 0}
    - target: {fileID: 61514178631683894, guid: 17ce8caae7bd0a64081f47e512f10e06,
        type: 3}
      propertyPath: m_RootOrder
      value: 8
      objectReference: {fileID: 0}
    - target: {fileID: 61514178631683894, guid: 17ce8caae7bd0a64081f47e512f10e06,
        type: 3}
      propertyPath: m_LocalEulerAnglesHint.x
      value: 0
      objectReference: {fileID: 0}
    - target: {fileID: 61514178631683894, guid: 17ce8caae7bd0a64081f47e512f10e06,
        type: 3}
      propertyPath: m_LocalEulerAnglesHint.y
      value: 0
      objectReference: {fileID: 0}
    - target: {fileID: 61514178631683894, guid: 17ce8caae7bd0a64081f47e512f10e06,
        type: 3}
      propertyPath: m_LocalEulerAnglesHint.z
      value: 0
      objectReference: {fileID: 0}
    m_RemovedComponents: []
  m_SourcePrefab: {fileID: 100100000, guid: 17ce8caae7bd0a64081f47e512f10e06, type: 3}
--- !u!1 &1727139643
GameObject:
  m_ObjectHideFlags: 0
  m_CorrespondingSourceObject: {fileID: 0}
  m_PrefabInstance: {fileID: 0}
  m_PrefabAsset: {fileID: 0}
  serializedVersion: 6
  m_Component:
  - component: {fileID: 1727139644}
  - component: {fileID: 1727139646}
  - component: {fileID: 1727139645}
  m_Layer: 0
  m_Name: EventSystem
  m_TagString: Untagged
  m_Icon: {fileID: 0}
  m_NavMeshLayer: 0
  m_StaticEditorFlags: 0
  m_IsActive: 1
--- !u!4 &1727139644
Transform:
  m_ObjectHideFlags: 0
  m_CorrespondingSourceObject: {fileID: 0}
  m_PrefabInstance: {fileID: 0}
  m_PrefabAsset: {fileID: 0}
  m_GameObject: {fileID: 1727139643}
  m_LocalRotation: {x: 0, y: 0, z: 0, w: 1}
  m_LocalPosition: {x: 0, y: 0, z: 0}
  m_LocalScale: {x: 1, y: 1, z: 1}
  m_Children: []
  m_Father: {fileID: 0}
  m_RootOrder: 6
  m_LocalEulerAnglesHint: {x: 0, y: 0, z: 0}
--- !u!114 &1727139645
MonoBehaviour:
  m_ObjectHideFlags: 0
  m_CorrespondingSourceObject: {fileID: 0}
  m_PrefabInstance: {fileID: 0}
  m_PrefabAsset: {fileID: 0}
  m_GameObject: {fileID: 1727139643}
  m_Enabled: 1
  m_EditorHideFlags: 0
  m_Script: {fileID: 11500000, guid: 4f231c4fb786f3946a6b90b886c48677, type: 3}
  m_Name: 
  m_EditorClassIdentifier: 
  m_HorizontalAxis: Horizontal
  m_VerticalAxis: Vertical
  m_SubmitButton: Submit
  m_CancelButton: Cancel
  m_InputActionsPerSecond: 10
  m_RepeatDelay: 0.5
  m_ForceModuleActive: 0
--- !u!114 &1727139646
MonoBehaviour:
  m_ObjectHideFlags: 0
  m_CorrespondingSourceObject: {fileID: 0}
  m_PrefabInstance: {fileID: 0}
  m_PrefabAsset: {fileID: 0}
  m_GameObject: {fileID: 1727139643}
  m_Enabled: 1
  m_EditorHideFlags: 0
  m_Script: {fileID: 11500000, guid: 76c392e42b5098c458856cdf6ecaaaa1, type: 3}
  m_Name: 
  m_EditorClassIdentifier: 
  m_FirstSelected: {fileID: 0}
  m_sendNavigationEvents: 1
  m_DragThreshold: 10
--- !u!1001 &1987249922
PrefabInstance:
  m_ObjectHideFlags: 0
  serializedVersion: 2
  m_Modification:
    m_TransformParent: {fileID: 0}
    m_Modifications:
    - target: {fileID: 7298112926762367730, guid: d98cd8ec51b114ffc907d4c672c075b3,
        type: 3}
      propertyPath: m_Name
      value: Refrect
      objectReference: {fileID: 0}
    - target: {fileID: 7298112926762367730, guid: d98cd8ec51b114ffc907d4c672c075b3,
        type: 3}
      propertyPath: m_IsActive
      value: 0
      objectReference: {fileID: 0}
    - target: {fileID: 7298112926762367694, guid: d98cd8ec51b114ffc907d4c672c075b3,
        type: 3}
      propertyPath: m_LocalPosition.x
      value: 0
      objectReference: {fileID: 0}
    - target: {fileID: 7298112926762367694, guid: d98cd8ec51b114ffc907d4c672c075b3,
        type: 3}
      propertyPath: m_LocalPosition.y
      value: 0
      objectReference: {fileID: 0}
    - target: {fileID: 7298112926762367694, guid: d98cd8ec51b114ffc907d4c672c075b3,
        type: 3}
      propertyPath: m_LocalPosition.z
      value: 0
      objectReference: {fileID: 0}
    - target: {fileID: 7298112926762367694, guid: d98cd8ec51b114ffc907d4c672c075b3,
        type: 3}
      propertyPath: m_LocalRotation.x
      value: 0
      objectReference: {fileID: 0}
    - target: {fileID: 7298112926762367694, guid: d98cd8ec51b114ffc907d4c672c075b3,
        type: 3}
      propertyPath: m_LocalRotation.y
      value: 0
      objectReference: {fileID: 0}
    - target: {fileID: 7298112926762367694, guid: d98cd8ec51b114ffc907d4c672c075b3,
        type: 3}
      propertyPath: m_LocalRotation.z
      value: 0
      objectReference: {fileID: 0}
    - target: {fileID: 7298112926762367694, guid: d98cd8ec51b114ffc907d4c672c075b3,
        type: 3}
      propertyPath: m_LocalRotation.w
      value: 1
      objectReference: {fileID: 0}
    - target: {fileID: 7298112926762367694, guid: d98cd8ec51b114ffc907d4c672c075b3,
        type: 3}
      propertyPath: m_RootOrder
      value: 3
      objectReference: {fileID: 0}
    - target: {fileID: 7298112926762367694, guid: d98cd8ec51b114ffc907d4c672c075b3,
        type: 3}
      propertyPath: m_LocalEulerAnglesHint.x
      value: 0
      objectReference: {fileID: 0}
    - target: {fileID: 7298112926762367694, guid: d98cd8ec51b114ffc907d4c672c075b3,
        type: 3}
      propertyPath: m_LocalEulerAnglesHint.y
      value: 0
      objectReference: {fileID: 0}
    - target: {fileID: 7298112926762367694, guid: d98cd8ec51b114ffc907d4c672c075b3,
        type: 3}
      propertyPath: m_LocalEulerAnglesHint.z
      value: 0
      objectReference: {fileID: 0}
    - target: {fileID: 7298112926762367731, guid: d98cd8ec51b114ffc907d4c672c075b3,
        type: 3}
      propertyPath: m_Enabled
      value: 0
      objectReference: {fileID: 0}
    m_RemovedComponents: []
  m_SourcePrefab: {fileID: 100100000, guid: d98cd8ec51b114ffc907d4c672c075b3, type: 3}
--- !u!1001 &2050003758
PrefabInstance:
  m_ObjectHideFlags: 0
  serializedVersion: 2
  m_Modification:
    m_TransformParent: {fileID: 0}
    m_Modifications:
    - target: {fileID: 5222424343184724313, guid: f021d4017ba8bc74ab4bde1a0d93881b,
        type: 3}
      propertyPath: m_Name
      value: UserCharacter
      objectReference: {fileID: 0}
    - target: {fileID: 5222424343184724318, guid: f021d4017ba8bc74ab4bde1a0d93881b,
        type: 3}
      propertyPath: m_LocalPosition.x
      value: -1.21
      objectReference: {fileID: 0}
    - target: {fileID: 5222424343184724318, guid: f021d4017ba8bc74ab4bde1a0d93881b,
        type: 3}
      propertyPath: m_LocalPosition.y
      value: -1.83
      objectReference: {fileID: 0}
    - target: {fileID: 5222424343184724318, guid: f021d4017ba8bc74ab4bde1a0d93881b,
        type: 3}
      propertyPath: m_LocalPosition.z
      value: 0
      objectReference: {fileID: 0}
    - target: {fileID: 5222424343184724318, guid: f021d4017ba8bc74ab4bde1a0d93881b,
        type: 3}
      propertyPath: m_LocalRotation.x
      value: 0
      objectReference: {fileID: 0}
    - target: {fileID: 5222424343184724318, guid: f021d4017ba8bc74ab4bde1a0d93881b,
        type: 3}
      propertyPath: m_LocalRotation.y
      value: 0
      objectReference: {fileID: 0}
    - target: {fileID: 5222424343184724318, guid: f021d4017ba8bc74ab4bde1a0d93881b,
        type: 3}
      propertyPath: m_LocalRotation.z
      value: 0
      objectReference: {fileID: 0}
    - target: {fileID: 5222424343184724318, guid: f021d4017ba8bc74ab4bde1a0d93881b,
        type: 3}
      propertyPath: m_LocalRotation.w
      value: 1
      objectReference: {fileID: 0}
    - target: {fileID: 5222424343184724318, guid: f021d4017ba8bc74ab4bde1a0d93881b,
        type: 3}
      propertyPath: m_RootOrder
      value: 1
      objectReference: {fileID: 0}
    - target: {fileID: 5222424343184724318, guid: f021d4017ba8bc74ab4bde1a0d93881b,
        type: 3}
      propertyPath: m_LocalEulerAnglesHint.x
      value: 0
      objectReference: {fileID: 0}
    - target: {fileID: 5222424343184724318, guid: f021d4017ba8bc74ab4bde1a0d93881b,
        type: 3}
      propertyPath: m_LocalEulerAnglesHint.y
      value: 0
      objectReference: {fileID: 0}
    - target: {fileID: 5222424343184724318, guid: f021d4017ba8bc74ab4bde1a0d93881b,
        type: 3}
      propertyPath: m_LocalEulerAnglesHint.z
      value: 0
      objectReference: {fileID: 0}
    - target: {fileID: 5222424343184724317, guid: f021d4017ba8bc74ab4bde1a0d93881b,
        type: 3}
      propertyPath: itemtext
      value: 
      objectReference: {fileID: 63015349}
    m_RemovedComponents: []
  m_SourcePrefab: {fileID: 100100000, guid: f021d4017ba8bc74ab4bde1a0d93881b, type: 3}
